@ARTICLE{ref10,
       author = {{Escudero}, Carlos G. and {Cortesi}, Arianna and {Faifer}, Favio R. and {Sesto}, Leandro A. and {Smith Castelli}, Anal{\'\i}a V. and {Johnston}, Evelyn J. and {Reynaldi}, Victoria and {Chies-Santos}, Ana L. and {Salinas}, Ricardo and {Men{\'e}ndez-Delmestre}, Kar{\'\i}n and {Gon{\c{c}}alves}, Thiago S. and {Grossi}, Marco and {Mendes de Oliveira}, Claudia},
        title = "{The complex globular cluster system of the S0 galaxy NGC 4382 in the outskirts of the Virgo Cluster}",
      journal = {\mnras},
     keywords = {galaxies: clusters: individual: NGC 4382, galaxies: elliptical and lenticular, cD, galaxies: star clusters: general, Astrophysics - Astrophysics of Galaxies},
         year = 2022,
        month = mar,
       volume = {511},
       number = {1},
        pages = {393-412},
          doi = {10.1093/mnras/stac021},
archivePrefix = {arXiv},
       eprint = {2201.01759},
 primaryClass = {astro-ph.GA},
       adsurl = {https://ui.adsabs.harvard.edu/abs/2022MNRAS.511..393E},
      adsnote = {Provided by the SAO/NASA Astrophysics Data System}
}

@ARTICLE{abcd,
       author = {{Grossi}, M. and {Garc{\'\i}a-Benito}, R. and {Cortesi}, A. and {Gon{\c{c}}alves}, D.~R. and {Gon{\c{c}}alves}, T.~S. and {Lopes}, P.~A.~A. and {Men{\'e}ndez-Delmestre}, K. and {Telles}, E.},
        title = "{Inverted metallicity gradients in two Virgo cluster star-forming dwarf galaxies: evidence of recent merging?}",
      journal = {\mnras},
     keywords = {galaxies: dwarf, galaxies: evolution, galaxies: interactions, galaxies: ISM, galaxies: kinematics and dynamics, galaxies: star formation, Astrophysics - Astrophysics of Galaxies},
         year = 2020,
        month = oct,
       volume = {498},
       number = {2},
        pages = {1939-1950},
          doi = {10.1093/mnras/staa2382},
archivePrefix = {arXiv},
       eprint = {2008.02212},
 primaryClass = {astro-ph.GA},
       adsurl = {https://ui.adsabs.harvard.edu/abs/2020MNRAS.498.1939G},
      adsnote = {Provided by the SAO/NASA Astrophysics Data System}
}

@ARTICLE{oi,
       author = {{Grossi}, M. and {Corbelli}, E. and {Bizzocchi}, L. and {Giovanardi}, C. and {Bomans}, D. and {Coelho}, B. and {De Looze}, I. and {Gon{\c{c}}alves}, T.~S. and {Hunt}, L.~K. and {Leonardo}, E. and {Madden}, S. and {Men{\'e}ndez-Delmestre}, K. and {Pappalardo}, C. and {Riguccini}, L.},
        title = "{Star-forming dwarf galaxies in the Virgo cluster: the link between molecular gas, atomic gas, and dust}",
      journal = {\aap},
     keywords = {galaxies: dwarf, galaxies: ISM, galaxies: clusters: individual: Virgo, galaxies: evolution, Astrophysics - Astrophysics of Galaxies},
         year = 2016,
        month = may,
       volume = {590},
          eid = {A27},
        pages = {A27},
          doi = {10.1051/0004-6361/201628123},
archivePrefix = {arXiv},
       eprint = {1602.09077},
 primaryClass = {astro-ph.GA},
       adsurl = {https://ui.adsabs.harvard.edu/abs/2016A&A...590A..27G},
      adsnote = {Provided by the SAO/NASA Astrophysics Data System}
}







